@online{nnsvg,
  author={Alex Lenail},
  title={NN-SVG},
  date={2018-07-30},
  url={http://alexlenail.me/NN-SVG/LeNet.html}
}

@online{lizens,
  title={creative commons},
  date={2018-07-30},
  url={https://creativecommons.org/publicdomain/zero/1.0/deed.de}
}
